@comment{x-kbibtex-personnameformatting=<%l><, %f>}

@book{Alfresco_und_Liferay,
	author = "Wenzky, Sebastian",
	isbn = "978-3-446-43465-3",
	publisher = "Hanser",
	title = "{Alfresco und Liferay ECM- und Portall{\"o}sungen}",
	year = "2013"
}

@book{Alfresco_Implementation,
	author = "Shariff, Munwar",
	isbn = "1-904811-11-6",
	publisher = "Packt Publishing",
	title = "{Alfresco Enterprise Content Management Implementation}",
	year = "2006"
}

@book{Professional_Alfresco,
	author = "Caruana, David and Newton, John and Farman, Michael and Uzquiano, Michael and Roast, Kevin",
	isbn = "978-0-470-57104-0",
	publisher = "Wiley Publishing, Inc.",
	title = "{Professional Alfresco}",
	year = "2010"
}

@book{ECM_Konzepte,
	author = "Riggert, Wolfgang",
	isbn = "978-3-8348-0841-7",
	publisher = "Vieweg \& Teubner",
	title = "{ECM - Enterprise Content Management}",
	year = "2009"
}

@misc{Wiki_Alfresco,
	howpublished = "\url{http://de.wikipedia.org/wiki/Alfresco\_\%28Software\%29}",
	month = "Februar",
	title = "{Alfresco (Software)}",
	year = "2015"
}

@misc{Alfrsco_Doku,
	howpublished = "\url{http://docs.alfresco.com/community/concepts/system-about-community.html}",
	title = "{Alfresco Documentation}",
	year = "2015"
}

@misc{Wiki_ECM,
	howpublished = "\url{http://de.wikipedia.org/wiki/Enterprise-Content-Management}",
	month = "M{\"a}rz",
	title = "{Enterprise-Content-Management}",
	year = "2015"
}

